@misc{total_mayhem_games_we_2017,
    title = {We {Were} {Here}},
    url = {https://totalmayhemgames.com/games/we-were-here},
    urldate = {2025-05-16},
    author = {Total Mayhem Games},
    month = feb,
    year = {2017},
}